
  <!-- sub a -->
  <record>
    <leader>01952cim  2200457Ia 45í0</leader>
    <controlfield tag="001">a022suba</controlfield>
    <controlfield tag="008">780930m19391944nyu           000 0 eng d</controlfield>
    <datafield tag="022" ind1=" " ind2=" ">
      <subfield code="a">1047-2010</subfield>
    </datafield>
    <datafield tag="245" ind1="1" ind2="0">
      <subfield code="a">issn, sub a, numeric check digit</subfield>
    </datafield>
  </record>