
  <record>
    <leader>01952cim  2200457Ia 45í0</leader>
    <controlfield tag="001">a022subM</controlfield>
    <controlfield tag="008">780930m19391944nyu           000 0 eng d</controlfield>
    <datafield tag="022" ind1=" " ind2=" ">
      <subfield code="m">0863-4564</subfield>
    </datafield>
    <datafield tag="245" ind1="1" ind2="0">
      <subfield code="a">issn, sub m</subfield>
    </datafield>
  </record>