
  <record>
    <leader>01952cim  2200457Ia 45í0</leader>
    <controlfield tag="001">a022subLandM</controlfield>
    <controlfield tag="008">780930m19391944nyu           000 0 eng d</controlfield>
    <datafield tag="022" ind1=" " ind2=" ">
      <subfield code="l">0038-6073</subfield>
      <subfield code="m">0796-5621</subfield>
    </datafield>
    <datafield tag="245" ind1="1" ind2="0">
      <subfield code="a">issn, sub l and m</subfield>
    </datafield>
  </record>