
  <record>
    <leader>01952cim  2200457Ia 45í0</leader>
    <controlfield tag="001">a022subMandZ</controlfield>
    <controlfield tag="008">780930m19391944nyu           000 0 eng d</controlfield>
    <datafield tag="022" ind1=" " ind2=" ">
      <subfield code="m">0103-8915</subfield>
      <subfield code="z">1144-5858</subfield>
    </datafield>
    <datafield tag="245" ind1="1" ind2="0">
      <subfield code="a">issn, sub m and z</subfield>
    </datafield>
  </record>