
  <record>
    <leader>01952cim  2200457Ia 45í0</leader>
    <controlfield tag="001">aTwo022a</controlfield>
    <controlfield tag="008">780930m19391944nyu           000 0 eng d</controlfield>
    <datafield tag="022" ind1=" " ind2=" ">
      <subfield code="a">0666-7770</subfield>
    </datafield>
    <datafield tag="022" ind1=" " ind2=" ">
      <subfield code="a">1221-2112</subfield>
    </datafield>
    <datafield tag="245" ind1="1" ind2="0">
      <subfield code="a">issn, two 022 with subfield a only</subfield>
    </datafield>
  </record>